% Encoding: UTF-8
@mastersthesis{dudley2006bayesian,
  author       = {Claire Dudley},
  title        = {Bayesian Analysis of an Aggregate Claim Model Using Various Loss Distributions},
  school       = {Heriot-Watt University},
  year         = {2006},
  type         = {Master's dissertation},
  address      = {School of Mathematical and Computer Sciences, Actuarial Mathematics \& Statistics}
}
@article{rytgaard1990pareto,
  author  = {Rytgaard, Martin},
  title   = {Estimation in the Pareto Distribution},
  journal = {ASTIN Bulletin},
  volume  = {20},
  number  = {2},
  pages   = {201--216},
  year    = {1990},
  doi     = {10.1017/S0515036100008478}
}

@Article{Gelman1992,
  author    = {Gelman, Andrew and Rubin, Donald B.},
  journal   = {Statistical Science},
  title     = {Inference from Iterative Simulation Using Multiple Sequences},
  year      = {1992},
  number    = {4},
  pages     = {457--472},
  volume    = {7},
  doi       = {10.1214/ss/1177011136},
  publisher = {Institute of Mathematical Statistics},
}

@Comment{jabref-meta: databaseType:bibtex;}
